@InCollection{Rasmussen2004,
  author    = {Carl Edward Rasmussen},
  title     = {Gaussian Processes in Machine Learning},
  booktitle = {Advanced Lectures on Machine Learning},
  publisher = {Springer Berlin Heidelberg},
  year      = {2004},
  pages     = {63--71},
  doi       = {10.1007/978-3-540-28650-9_4},
  url       = {http://www.gaussianprocess.org/gpml/chapters/RW.pdf}
}

@Article{Duvenaud2014,
  title     = {Automatic model construction with Gaussian processes},
  author    = {Duvenaud, David},
  year      = {2014},
  journal   = {University of Cambridge. PhD Thesis},
  url       = {https://www.cs.toronto.edu/~duvenaud/thesis.pdf}
}

@inproceedings{damianou2013deep,
  title={Deep gaussian processes},
  author={Damianou, Andreas and Lawrence, Neil},
  booktitle={Artificial Intelligence and Statistics},
  pages={207--215},
  year={2013},
  url={http://proceedings.mlr.press/v31/damianou13a.pdf}
}

@book{scholkopf2001learning,
  title={Learning with kernels: support vector machines, regularization, optimization, and beyond},
  author={Scholkopf, Bernhard and Smola, Alexander J},
  year={2001},
  publisher={MIT press}
}