@book{brooks2011handbook,
  title={Handbook of markov chain monte carlo},
  author={Brooks, Steve and Gelman, Andrew and Jones, Galin and Meng, Xiao-Li},
  year={2011},
  publisher={CRC press},
  url={http://www.mcmchandbook.net/}
}

@article{betancourt2017geometric,
  title={The geometric foundations of hamiltonian monte carlo},
  author={Betancourt, Michael and Byrne, Simon and Livingstone, Sam and Girolami, Mark and others},
  journal={Bernoulli},
  volume={23},
  number={4A},
  pages={2257--2298},
  year={2017},
  publisher={Bernoulli Society for Mathematical Statistics and Probability}
}

@book{gelman2013bayesian,
  title={Bayesian data analysis},
  author={Gelman, Andrew and Stern, Hal S and Carlin, John B and Dunson, David B and Vehtari, Aki and Rubin, Donald B},
  year={2013},
  publisher={Chapman and Hall/CRC}
}

@misc{neal2012mcmc,
  title={MCMC using Hamiltonian dynamics, ArXiv e-prints},
  author={Neal, Radford M},
  journal={arXiv preprint arXiv:1206.1901},
  year={2012},
  publisher={June}
}

@inproceedings{ranganath2014black,
  title={Black box variational inference},
  author={Ranganath, Rajesh and Gerrish, Sean and Blei, David},
  booktitle={Artificial Intelligence and Statistics},
  pages={814--822},
  year={2014}
}

@article{rezende2015variational,
  title={Variational inference with normalizing flows},
  author={Rezende, Danilo Jimenez and Mohamed, Shakir},
  journal={arXiv preprint arXiv:1505.05770},
  year={2015}
}

@article{jordan1999introduction,
  title={An introduction to variational methods for graphical models},
  author={Jordan, Michael I and Ghahramani, Zoubin and Jaakkola, Tommi S and Saul, Lawrence K},
  journal={Machine learning},
  volume={37},
  number={2},
  pages={183--233},
  year={1999},
  publisher={Springer}
}

@book{scholkopf2001learning,
  title={Learning with kernels: support vector machines, regularization, optimization, and beyond},
  author={Scholkopf, Bernhard and Smola, Alexander J},
  year={2001},
  publisher={MIT press}
}

@inproceedings{gorham2015measuring,
  title={Measuring sample quality with Stein's method},
  author={Gorham, Jackson and Mackey, Lester},
  booktitle={Advances in Neural Information Processing Systems},
  pages={226--234},
  year={2015}
}

@inproceedings{liu2016kernelized,
  title={A kernelized Stein discrepancy for goodness-of-fit tests},
  author={Liu, Qiang and Lee, Jason and Jordan, Michael},
  booktitle={International Conference on Machine Learning},
  pages={276--284},
  year={2016}
}

@inproceedings{liu2016stein,
  title={Stein variational gradient descent: A general purpose bayesian inference algorithm},
  author={Liu, Qiang and Wang, Dilin},
  booktitle={Advances In Neural Information Processing Systems},
  pages={2378--2386},
  year={2016}
}